@article
{
    sample,
    title={Dental plaque revisited: bacteria associated with periodontal disease.},
    author={Lovegrove, Joanne M},
    journal={Journal of the New Zealand Society of Periodontology},
    number={87},
    pages={7--21},
    year={2004}
}